@misc{pho,
	author = {},
	title = {phoronix-test-suite(1) - Linux man page},
	year = {(Accedido el 13/12/2015)}, 
	howpublished ="\url{http://linux.die.net/man/1/phoronix-test-suite}"
} 

@misc{ab,
	author = {},
	title = {ab - Apache HTTP server benchmarking tool - Apache HTTP Server Version 2.2},
	year = {(Accedido el 13/12/2015)}, 
	howpublished ="\url{https://httpd.apache.org/docs/2.2/programs/ab.html}"
} 

@misc{jm,
	author = {},
	title = {Apache Download Mirrors},
	year = {(Accedido el 15/12/2015)}, 
	howpublished ="\url{http://jmeter.apache.org/download\_jmeter.cgi}"
} 

@misc{tut,
	author = {},
	title = {Apache JMeter - User's Manual: Building a Web Test Plan},
	year = {(Accedido el 17/12/2015)}, 
	howpublished ="\url{http://jmeter.apache.org/usermanual/build-web-test-plan.html}"
} 

@misc{nr,
	author = {},
	title = {OpenBenchmarking.org - N-Queens Test Profile},
	year = {(Accedido el 17/12/2015)}, 
	howpublished ="\url{https://openbenchmarking.org/test/pts/n-queens}"
} 

@misc{aida,
	author = {},
	title = {CPU PhotoWorxx | Aida64},
	year = {(Accedido el 21/12/2015)}, 
	howpublished ="\url{http://aida64.helpmax.net/en/benchmark-guide/cpu-photoworxx/}"
} 
