@misc{s2,
	author = {},
	title = {sysctl.conf(5): sysctl preload/config file - Linux man page},
	year = {(Accedido el 14/01/2016)},
	howpublished ="\url{http://linux.die.net/man/5/sysctl.conf}"
}

@misc{s1,
	author = {},
	title = {3.4. Using the sysctl Command},
	year = {(Accedido el 14/01/2016)},
	howpublished ="\url{https://www.centos.org/docs/5/html/5.1/Deployment\_Guide/s1-proc-sysctl.html}"
}

@misc{s3,
	author = {},
	title = {sysctl(8) - Linux man page},
	year = {(Accedido el 14/01/2016)},
	howpublished ="\url{http://linux.die.net/man/8/sysctl}"
}

@misc{sw,
	author = {},
	title = {Documentation for /proc/sys/vm/*},
	year = {(Accedido el 14/01/2016)},
	howpublished ="\url{https://www.kernel.org/doc/Documentation/sysctl/vm.txt}"
}

@misc{net,
	author = {},
	title = {/proc/sys/net/ipv4/* Variables:},
	year = {(Accedido el 14/01/2016)},
	howpublished ="\url{https://www.kernel.org/doc/Documentation/networking/ip-sysctl.txt}"
}

@misc{bac,
	author = {},
	title = {Back up the registry},
	year = {(Accedido el 14/01/2016)},
	howpublished ="\url{http://windows.microsoft.com/en-us/windows/back-up-registry\#1TC=windows-7}"
}

@misc{cmd,
	author = {},
	title = {Símbolo del sistema: preguntas más frecuentes},
	year = {(Accedido el 14/01/2016)},
	howpublished ="\url{http://windows.microsoft.com/es-es/windows/command-prompt-faq\#1TC=windows-8}"
}

@misc{reg1,
	author = {},
	title = {Reg - Edit Registry | Windows CMD | SS64.com},
	year = {(Accedido el 14/01/2016)},
	howpublished ="\url{http://ss64.com/nt/reg.html}"
}

@misc{reg2,
	author = {},
	title = {Reg},
	year = {(Accedido el 14/01/2016)},
	howpublished ="\url{https://technet.microsoft.com/en-us/library/cc732643.aspx}"
}

@misc{reg3,
	author = {},
	title = {Registry Value Types (Windows)},
	year = {(Accedido el 14/01/2016)},
	howpublished ="\url{https://msdn.microsoft.com/en-us/library/windows/desktop/ms724884(v=vs.85).aspx}"
}

@misc{moda,
	author = {},
	title = {Performance recommendations - MoodleDocs},
	year = {(Accedido el 14/01/2016)},
	howpublished ="\url{https://docs.moodle.org/23/en/Performance\_recommendations\#Apache\_performance}"
}

@misc{modi,
	author = {},
	title = {Performance recommendations - MoodleDocs},
	year = {(Accedido el 14/01/2016)},
	howpublished ="\url{https://docs.moodle.org/23/en/Performance\_recommendations\#IIS\_performance}"
}
