@misc{vmoracle,
    author = {},
    title = {7.1. Virtual Machines Overview},
    year = {(Accedido Octubre 2, 2015)},
    howpublished = "\url{http://docs.oracle.com/cd/E27300_01/E27309/html/vmusg-vm-modes.html}"
}

@misc{vmware,
    author = {},
    title = {Understanding Full Virtualization, Paravirtualization, and Hardware Assist},
    year = {(Accedido Octubre 2, 2015)},
    howpublished = "\url{http://www.vmware.com/files/pdf/VMware_paravirtualization.pdf}"
}

@misc{quemu,
    author = {Quemu},
    title = {},
    year = {(Accedido Octubre 3, 2015)},
    howpublished = "\url{http://wiki.qemu.org/Main_Page}"
}

@misc{xen,
    author = {Xen},
    title = {},
    year = {(Accedido Octubre 3, 2015)},
    howpublished = "\url{http://www.xenproject.org/}"
}

@misc{parallels,
    author = {Parallels},
    title = {},
    year = {(Accedido Octubre 3, 2015)},
    howpublished = "\url{http://www.parallels.com/es/}"
}

@misc{proxmox,
    author = {Proxmox},
    title = {},
    year = {(Accedido Octubre 3, 2015)},
    howpublished = "\url{https://www.proxmox.com/en/}"
}

@misc{2008vs2012,
    author = {},
    title = {Comparar Windows Server 2012 R2 | Microsoft},
    year = {(Accedido Octubre 3, 2015)},
    howpublished = "\url{http://www.microsoft.com/es-es/server-cloud/products/windows-server-2012-r2/Comparison.aspx/}"
}


@misc{canonical,
    author = {},
    title = {Canonical | The company behind Ubuntu},
    year = {(Accedido Octubre 3, 2015)},
    howpublished = "\url{http://www.canonical.com/}"
}

@misc{canonical1,
    author = {},
    title = {Canonical | Services for enterprise},
    year = {(Accedido Octubre 8, 2015)},
    howpublished = "\url{http://www.canonical.com/services}"
}
@misc{canonical2,
    author = {},
    title = {Canonical (company) - Wikipedia, the free encyclopedia},
    year = {(Accedido Octubre 8, 2015)},
    howpublished = "\url{https://en.wikipedia.org/wiki/Canonical_(company)\#Projects}"
}

@misc{fcentos,
    author = {},
    title = {FAQ/General - CentOS Wiki (8. What is CentOS's relationship with Red HatÂ®, Inc. or RHEL?)},
    year = {(Accedido Octubre 3, 2015)},
    howpublished = "\url{https://wiki.centos.org/FAQ/General\#head-c4a240cfc25e7fddd009d8c2ba18abfb87042feb}"
}

@misc{redhat1,
    author = {},
    title = {Fedora Project and Red Hat Deliver New Linux Platform to Open Source Community | Red Hat},
    year = {6 de Noviembre de 2003(Accedido Octubre 3, 2015)},
    howpublished = "\url{http://www.redhat.com/en/about/press-releases/press-fedora}"
}

@misc{redhat2,
    author = {Stephanie Wonderlick},
    title = {Red Hat and the CentOS Project Join Forces to Speed Open Source Innovation | Red Hat},
    year = {7 de Enero de 2014(Accedido Octubre 3, 2015)},
    howpublished = "\url{http://www.redhat.com/es/about/press-releases/red-hat-and-centos-join-forces}"
}

@misc{serv1,
    author = {},
    title = {Usage statistics and market share of Windows for websites},
    year = { 4 Octubre 2015 (Accedido Octubre 4, 2015)},
    howpublished = "\url{http://w3techs.com/technologies/details/os-windows/all/all}"
}

@misc{serv2,
    author = {},
    title = {Usage statistics and market share of Unix for websites},
    year = { 4 Octubre 2015 (Accedido Octubre 4, 2015)},
    howpublished = "\url{http://w3techs.com/technologies/details/os-unix/all/all}"
}

@misc{serv3,
    author = {},
    title = {Usage statistics and market share of Linux for websites},
    year = { 4 Octubre 2015 (Accedido Octubre 4, 2015)},
    howpublished = "\url{http://w3techs.com/technologies/details/os-linux/all/all}"
}

@misc{raid1,
    author = {},
    title = {Hardware RAID versus Software RAID},
    year = { (Accedido Octubre 4, 2015)},
    howpublished = "\url{https://access.redhat.com/documentation/en-US/Red_Hat_Enterprise_Linux/3/html/System_Administration_Guide/s1-raid-approaches.html}"
}

@misc{raid2,
    author = {Adaptec},
    title = {Hardware RAID vs. Software RAID: Which Implementation is Best for my Application?},
    year = { 2006 (Accedido Octubre 4, 2015)},
    howpublished = "\url{https://www.adaptec.com/nr/rdonlyres/14b2fd84-f7a0-4ac5-a07a-214123ea3dd6/0/4423_sw_hwraid_10.pdf}"
}

@misc{lvm1,
    author = {},
    title = {LVM - Debian Wiki},
    year = {(Accedido Octubre 4, 2015)},
    howpublished = "\url{https://wiki.debian.org/LVM}"
}

@misc{lvm2,
    author = {},
    title = {9.1. What is LVM?},
    year = {(Accedido Octubre 4, 2015)},
    howpublished = "\url{https://www.centos.org/docs/5/html/5.1/Deployment_Guide/s1-lvm-intro-whatis.html}"
}

@misc{lvm3,
    author = {},
    title = {2.2. Benefits of Logical Volume Management on a Small System},
    year = {(Accedido Octubre 4, 2015)},
    howpublished = "\url{http://www.tldp.org/HOWTO/LVM-HOWTO/benefitsoflvmsmall.html}"
}


@misc{swap,
    author = {Christian Brueffer},
    title = {17.13. Encrypting Swap},
    year = {(Accedido Octubre 4, 2015)},
    howpublished = "\url{https://www.freebsd.org/doc/handbook/swap-encrypting.html}"
}

@misc{boot,
    author = {},
    title = {dm-crypt/Encrypting an entire system},
    year = {(Accedido Octubre 4, 2015)},
    howpublished = "\url{https://wiki.archlinux.org/index.php/Dm-crypt/Encrypting_an_entire_system\#Encrypted_boot_partition_.28GRUB.29}"
}

@misc{grub,
    author = {},
    title = {GNU GRUB Manual 2.00: Invoking grub-install},
    year = {(Accedido Octubre 6, 2015)},
    howpublished = "\url{https://www.gnu.org/software/grub/manual/html_node/Invoking-grub_002dinstall.html\#Invoking-grub_002dinstall}"
}

@misc{dd,
    author = {},
    title = {Ubuntu Manpage: dd - convert and copy a file},
    year = {(Accedido Octubre 6, 2015)},
    howpublished = "\url{http://manpages.ubuntu.com/manpages/vivid/en/man1/dd.1posix.html}"
}

@misc{ext,
    author = {},
    title = {Frequently Asked Questions - Ext4},
    year = {(Accedido Octubre 15, 2015)},
    howpublished = "\url{https://ext4.wiki.kernel.org/index.php/Frequently_Asked_Questions\#What_is_the_difference_between_ext2.2C_ext3.2C_and_ext4.3F}"
}
@misc{ext1,
    author = {},
    title = {LinuxFilesystemsExplained - Community Help Wiki},
    year = {(Accedido Octubre 18, 2015)},
    howpublished = "\url{https://help.ubuntu.com/community/LinuxFilesystemsExplained}"
}


@misc{pruebaraid,
    author = {},
    title = {Detecting, querying and testing - Linux Raid Wiki},
    year = {(Accedido Octubre 15, 2015)},
    howpublished = "\url{https://raid.wiki.kernel.org/index.php/Detecting,_querying_and_testing}"
}

@misc{vps1,
    author = {gigas},
    title = {},
    year = {(Accedido Octubre 18, 2015)},
    howpublished = "\url{https://gigas.com/cloud-vps}"
}
@misc{vps2,
    author = {OVH},
    title = {},
    year = {(Accedido Octubre 18, 2015)},
    howpublished = "\url{https://www.ovh.es/vps/vps-cloud.xml}"
}
@misc{vps3,
    author = {Hostinger},
    title = {},
    year = {(Accedido Octubre 18, 2015)},
    howpublished = "\url{http://www.hostinger.es/hosting-vps}"
}
@misc{vps4,
    author = {Strato},
    title = {},
    year = {(Accedido Octubre 18, 2015)},
    howpublished = "\url{https://www.strato.es/vps-linux/}"
}

@misc{serv1,
    author = {Strato},
    title = {},
    year = {(Accedido Octubre 18, 2015)},
    howpublished = "\url{https://www.strato.es/servidor-dedicado-linux/}"
}
@misc{serv2,
    author = {OVH},
    title = {},
    year = {(Accedido Octubre 18, 2015)},
    howpublished = "\url{https://www.ovh.es/servidores_dedicados/hosting/}"
}

@misc{serv3,
    author = {Hostalia},
    title = {},
    year = {(Accedido Octubre 18, 2015)},
    howpublished = "\url{https://www.hostalia.com/dedicados/}"
}

@misc{difsd,
    author = {Dave},
    title = {Windows Server 2012 Editions - The Irish IT Professional - Site Home - TechNet Blogs},
    year = {(Accedido Octubre 18, 2015)},
    howpublished = "\url{http://blogs.technet.com/b/ieitpro/archive/2012/10/08/windows-server-2012-editions.aspx}"
}

@misc{manmdadm,
    author = {},
    title = {mdadm(8): manage MD devices aka Software RAID - Linux man page},
    year = {(Accedido Octubre 16, 2015)},
    howpublished = "\url{http://linux.die.net/man/8/mdadm}"
}

@misc{bash1,
    author = {},
    title = {Bash Reference Manual: Command Line Editing},
    year = {(Accedido Octubre 19, 2015)},
    howpublished = "\url{https://www.gnu.org/software/bash/manual/html_node/Command-Line-Editing.html\#Command-Line-Editing}"
}

@misc{bash2,
    author = {},
    title = {Bash Reference Manual: The Set Builtin},
    year = {(Accedido Octubre 19, 2015)},
    howpublished = "\url{https://www.gnu.org/software/bash/manual/html_node/The-Set-Builtin.html}"
}

@misc{red,
    author = {},
    title = {VMware Workstation Documentation Center},
    year = {(Accedido Octubre 22, 2015)},
    howpublished = "\url{https://pubs.vmware.com/workstation-9/index.jsp?topic=\%2Fcom.vmware.ws.using.doc\%2FGUID-D9B0A52D-38A2-45D7-A9EB-987ACE77F93C.html}"
}

@misc{winraid,
    author = {},
    title = {Overview of Disk Management},
    year = {(Accedido Octubre 24, 2015)},
    howpublished = "\url{https://msdn.microsoft.com/en-us/library/dd163558.aspx}"
}
