@misc{cron,
	author = {},
  title = {cron(8): daemon to execute scheduled commands - Linux man page},
	year = {(Accedido el 30/11/2015)}, 
	howpublished ="\url{http://linux.die.net/man/8/cron}"
} 

@misc{cron2,
	author = {},
	title = {crontab(5): tables for driving cron - Linux man page},
	year = {(Accedido el 30/11/2015)}, 
	howpublished ="\url{http://linux.die.net/man/5/crontab}"
} 

@misc{date,
	author = {},
	title = {date(1): print/set system date/time - Linux man page},
	year = {(Accedido el 30/11/2015)}, 
	howpublished ="\url{http://linux.die.net/man/1/date}"
} 

@misc{trace,
	author = {},
	title = {The Magic of Strace - Chad Fowler},
	year = {(Accedido el 30/11/2015)}, 
	howpublished ="\url{http://chadfowler.com/blog/2014/01/26/the-magic-of-strace/}"
} 
