@misc{manyum,
    author = {},
    title = {yum(8) - Linux man page},
    year = {(Accedido Noviembre 4, 2015)},
    howpublished = "\url{http://linux.die.net/man/8/yum}"
}

@misc{manapt1,
    author = {},
    title = {apt-cache(8) - Linux man page},
    year = {(Accedido Noviembre 4, 2015)},
    howpublished = "\url{http://linux.die.net/man/8/apt-cache}"
}

@misc{manapt2,
    author = {},
    title = {apt-get(8) - Linux man page},
    year = {(Accedido Noviembre 4, 2015)},
    howpublished = "\url{http://linux.die.net/man/8/apt-get}"
}

@misc{os1,
    author = {},
    title = {Gesti√≥n de paquetes - openSUSE},
    year = {(Accedido Noviembre 4, 2015)},
    howpublished = "\url{https://es.opensuse.org/Gesti\%C3\%B3n_de_paquetes}"
}

@misc{os2,
    author = {},
    title = {zypper - openSUSE},
    year = {(Accedido Noviembre 4, 2015)},
    howpublished = "\url{https://es.opensuse.org/Zypper}"
}

@misc{os3,
    author = {},
    title = {YaST Software Management},
    year = {(Accedido Noviembre 4, 2015)},
    howpublished = "\url{https://en.opensuse.org/YaST_Software_Management}"
}
